@article{collins1960,
  author =  "G. E. Collins",
  title =   "A method for overlapping and erasure of lists",
  journal = "CACM",
  volume =  "3",
  number =  "12",
  pages =   "655--657",
  year =    "1960"
}

@article{michael2004hazard,
  title={Hazard pointers: Safe memory reclamation for lock-free objects},
  author={Michael, Maged M},
  journal={IEEE Transactions on Parallel and Distributed Systems},
  volume={15},
  number={6},
  pages={491--504},
  year={2004},
  publisher={IEEE}
}
